
@book{sza08, place={Cambridge}, series={Cambridge Studies in Advanced Mathematics}, title={Galois Groups and Fundamental Groups}, DOI={10.1017/CBO9780511627064}, publisher={Cambridge University Press}, author={Szamuely, Tam√°s}, year={2009}, collection={Cambridge Studies in Advanced Mathematics}}

